@online{example,
    title = {Example title},
    organization = {Example},
    date = {JJJJ},
    urldate = {JJJJ-MM-DD},
    url = {https://www.example.com},
}

@online{lighthouse,
	title = {Lighthouse},
	organization = {Alphabet},
	urldate = {2023-09-19},
	url = {https://chrome.google.com/webstore/detail/lighthouse/blipmdconlkpinefehnmjammfjpmpbjk?hl}
}

@online{wave,
	title = {WAVE web accessibilty evaluation tool},
	organization = {Utah State Universit},
	urldate = {2023-09-20},
	url = {https://wave.webaim.org/}
}